@book{RN57,
   title = {Global Optimization Toolbox Documentation },
   publisher = {MathWorks},
   address = {Archived MathWorks Documentation.},
   volume = {Matlab R2020a},
   year = {2020},
   type = {Book}
}

@article{RN33,
   author = {Agarwal, Anshul and Biegler, Lorenz T and Zitney, Stephen E},
   title = {Simulation and optimization of pressure swing adsorption systems using reduced-order modeling},
   journal = {Industrial \& Engineering Chemistry Research},
   volume = {48},
   number = {5},
   pages = {2327-2343},
   ISSN = {0888-5885},
   year = {2009},
   type = {Journal Article}
}

@book{RN1,
   author = {Agency, International Energy},
   title = {Prospects for CO2 Capture and Storage},
   DOI = {doi:https://doi.org/10.1787/9789264108820-en},
   year = {2004},
   type = {Book}
}

@article{RN58,
   author = {Ahn, Sol and You, Young-Woo and Lee, Dong-Geun and Kim, Ki-Hyun and Oh, Min and Lee, Chang-Ha},
   title = {Layered two- and four-bed PSA processes for H-2 recovery from coal gas},
   journal = {Chemical Engineering Science},
   volume = {68},
   number = {1},
   pages = {413-423},
   ISSN = {0009-2509},
   DOI = {10.1016/j.ces.2011.09.053},
   year = {2012},
   type = {Journal Article}
}

@article{RN27,
   author = {Amaran, S. and Sahinidis, N. V. and Sharda, B. and Bury, S. J.},
   title = {Simulation optimization: a review of algorithms and applications},
   journal = {Annals of Operations Research},
   volume = {240},
   number = {1},
   pages = {351-380},
   ISSN = {0254-5330},
   DOI = {10.1007/s10479-015-2019-x},
   year = {2016},
   type = {Journal Article}
}

@article{RN12,
   author = {Andersson, J. and Lundgren, J.},
   title = {Techno-economic analysis of ammonia production via integrated biomass gasification},
   journal = {Applied Energy},
   volume = {130},
   pages = {484-490},
   ISSN = {0306-2619},
   DOI = {10.1016/j.apenergy.2014.02.029},
   year = {2014},
   type = {Journal Article}
}

@article{RN32,
   author = {Beck, Joakim and Friedrich, Daniel and Brandani, Stefano and Fraga, Eric S.},
   title = {Multi-objective optimisation using surrogate models for the design of VPSA systems},
   journal = {Computers \& Chemical Engineering},
   volume = {82},
   pages = {318-329},
   ISSN = {00981354},
   DOI = {10.1016/j.compchemeng.2015.07.009},
   year = {2015},
   type = {Journal Article}
}

@inbook{RN30,
   author = {Beck, Joakim and Friedrich, Daniel and Brandani, Stefano and Guillas, Serge and Fraga, Eric S},
   title = {Surrogate based optimisation for design of pressure swing adsorption systems},
   booktitle = {Computer Aided Chemical Engineering},
   publisher = {Elsevier},
   volume = {30},
   pages = {1217-1221},
   ISBN = {1570-7946},
   year = {2012},
   type = {Book Section}
}

@article{RN55,
   author = {Capra, Federico and Gazzani, Matteo and Joss, Lisa and Mazzotti, Marco and Martelli, Emanuele},
   title = {MO-MCS, a Derivative-Free Algorithm for the Multiobjective Optimization of Adsorption Processes},
   journal = {Industrial \& Engineering Chemistry Research},
   pages = {acs.iecr.8b00207},
   year = {2018},
   type = {Journal Article}
}

@article{RN41,
   author = {Cruz, P and Magalhaes, FD and Mendes, A},
   title = {On the optimization of cyclic adsorption separation processes},
   journal = {AIChE journal},
   volume = {51},
   number = {5},
   pages = {1377-1395},
   ISSN = {0001-1541},
   year = {2005},
   type = {Journal Article}
}

@article{RN10,
   author = {da Silva Veras, Tatiane and Mozer, Thiago Simonato and da Silva César, Aldara},
   title = {Hydrogen: trends, production and characterization of the main process worldwide},
   journal = {International journal of hydrogen energy},
   volume = {42},
   number = {4},
   pages = {2018-2033},
   ISSN = {0360-3199},
   year = {2017},
   type = {Journal Article}
}

@book{RN56,
   author = {Deb, Kalyanmoy},
   title = {Multi-objective optimization using evolutionary algorithms},
   publisher = {John Wiley \& Sons},
   volume = {16},
   ISBN = {047187339X},
   year = {2001},
   type = {Book}
}

@article{RN26,
   author = {Eason, John P. and Biegler, Lorenz T.},
   title = {A trust region filter method for glass box/black box optimization},
   journal = {AIChE Journal},
   volume = {62},
   number = {9},
   pages = {3124-3136},
   ISSN = {0001-1541},
   DOI = {10.1002/aic.15325},
   year = {2016},
   type = {Journal Article}
}

@misc{RN37,
   year = {2020},
   type = {Web Page}
}

@article{RN47,
   author = {Fiandaca, Giovanna and Fraga, Eric S. and Brandani, Stefano},
   title = {A multi-objective genetic algorithm for the design of pressure swing adsorption},
   journal = {Engineering Optimization},
   volume = {41},
   number = {9},
   pages = {833-854},
   ISSN = {0305-215X
1029-0273},
   DOI = {10.1080/03052150903074189},
   year = {2009},
   type = {Journal Article}
}

@article{RN42,
   author = {First, Eric L and Hasan, MM Faruque and Floudas, Christodoulos A},
   title = {Discovery of novel zeolites for natural gas purification through combined material screening and process optimization},
   journal = {AIChE Journal},
   volume = {60},
   number = {5},
   pages = {1767-1785},
   ISSN = {0001-1541},
   year = {2014},
   type = {Journal Article}
}

@misc{RN45,
   year = {1989},
   type = {Generic}
}

@article{RN9,
   author = {Golmakani, A. and Nabavi, S. A. and Manovic, V.},
   title = {Effect of impurities on ultra-pure hydrogen production by pressure vacuum swing adsorption},
   journal = {Journal of Industrial and Engineering Chemistry},
   volume = {82},
   pages = {278-289},
   ISSN = {1226-086X},
   DOI = {10.1016/j.jiec.2019.10.024},
   year = {2020},
   type = {Journal Article}
}

@article{RN46,
   author = {Haghpanah, Reza and Majumder, Aniruddha and Nilam, Ricky and Rajendran, Arvind and Farooq, Shamsuzzaman and Karimi, Iftekhar A. and Amanullah, Mohammad},
   title = {Multiobjective Optimization of a Four-Step Adsorption Process for Postcombustion CO2 Capture Via Finite Volume Simulation},
   journal = {Industrial \& Engineering Chemistry Research},
   volume = {52},
   number = {11},
   pages = {4249-4265},
   ISSN = {0888-5885},
   DOI = {10.1021/ie302658y},
   year = {2013},
   type = {Journal Article}
}

@article{RN5,
   author = {Hanif, I. and Raza, S. M. F. and Gago-de-Santos, P. and Abbas, Q.},
   title = {Fossil fuels, foreign direct investment, and economic growth have triggered CO2 emissions in emerging Asian economies: Some empirical evidence},
   journal = {Energy},
   volume = {171},
   pages = {493-501},
   ISSN = {0360-5442},
   DOI = {10.1016/j.energy.2019.01.011},
   year = {2019},
   type = {Journal Article}
}

@article{RN31,
   author = {Hasan, MM Faruque and Baliban, Richard C and Elia, Josephine A and Floudas, Christodoulos A},
   title = {Modeling, simulation, and optimization of postcombustion CO2 capture for variable feed concentration and flow rate. 2. Pressure swing adsorption and vacuum swing adsorption processes},
   journal = {Industrial \& engineering chemistry research},
   volume = {51},
   number = {48},
   pages = {15665-15682},
   ISSN = {0888-5885},
   year = {2012},
   type = {Journal Article}
}

@book{RN36,
   author = {Hastie, Trevor and Tibshirani, Robert and Friedman, Jerome},
   title = {The elements of statistical learning: data mining, inference, and prediction},
   publisher = {Springer Science \& Business Media},
   ISBN = {0387848584},
   year = {2009},
   type = {Book}
}

@article{RN20,
   author = {He, B. J. and Liu, J. L. and Zhang, Y. and Zhang, S. Z. and Wang, P. and Xu, H.},
   title = {Comparison of structured activated carbon and traditional adsorbents for purification of H-2},
   journal = {Separation and Purification Technology},
   volume = {239},
   pages = {9},
   ISSN = {1383-5866},
   DOI = {10.1016/j.seppur.2020.116529},
   year = {2020},
   type = {Journal Article}
}

@article{RN40,
   author = {Hornik, Kurt},
   title = {Approximation capabilities of multilayer feedforward networks},
   journal = {Neural networks},
   volume = {4},
   number = {2},
   pages = {251-257},
   ISSN = {0893-6080},
   year = {1991},
   type = {Journal Article}
}

@article{RN25,
   author = {Hüllen, Gordon and Zhai, Jianyuan and Kim, Sun Hye and Sinha, Anshuman and Realff, Matthew J. and Boukouvala, Fani},
   title = {Managing uncertainty in data-driven simulation-based optimization},
   journal = {Computers \& Chemical Engineering},
   volume = {136},
   ISSN = {00981354},
   DOI = {10.1016/j.compchemeng.2019.106519},
   year = {2020},
   type = {Journal Article}
}

@article{RN21,
   author = {Li, H. R. and Liao, Z. W. and Sun, J. Y. and Jiang, B. B. and Wang, J. D. and Yang, Y. R.},
   title = {Modelling and simulation of two-bed PSA process for separating H-2 from methane steam reforming},
   journal = {Chinese Journal of Chemical Engineering},
   volume = {27},
   number = {8},
   pages = {1870-1878},
   ISSN = {1004-9541},
   DOI = {10.1016/j.cjche.2018.11.022},
   year = {2019},
   type = {Journal Article}
}

@article{RN13,
   author = {Liao, Z. W. and Zhang, Y. and Rong, G. and Yang, Y. R.},
   title = {Improving Refinery Profits via Fine Management of Hydrogen Networks},
   journal = {China Petroleum Processing \& Petrochemical Technology},
   volume = {12},
   number = {2},
   pages = {57-62},
   ISSN = {1008-6234},
   year = {2010},
   type = {Journal Article}
}

@article{RN49,
   author = {Long, Chunxia and Guan, Jianyu},
   title = {Measurement of Diffusivity and Thermal Parameters of Gas Adsorption with a Volumetric Method},
   journal = {Industrial \& Engineering Chemistry Research},
   volume = {51},
   number = {18},
   pages = {6502-6512},
   ISSN = {0888-5885},
   DOI = {10.1021/ie202184d},
   year = {2012},
   type = {Journal Article}
}

@article{RN38,
   author = {Ma, Shuo and Tong, Liang and Ye, Feng and Xiao, Jinsheng and Bénard, Pierre and Chahine, Richard},
   title = {Hydrogen purification layered bed optimization based on artificial neural network prediction of breakthrough curves},
   journal = {International Journal of Hydrogen Energy},
   volume = {44},
   number = {11},
   pages = {5324-5333},
   ISSN = {03603199},
   DOI = {10.1016/j.ijhydene.2018.12.142},
   year = {2019},
   type = {Journal Article}
}

@article{RN51,
   author = {Mckay, M. D. and Conover, R. J. Beckmanw. J.},
   title = {A Comparison of Three Methods for Selecting Values of Input Variables in the Analysis of Output from a Computer Code},
   journal = {Technometrics},
   volume = {21},
   number = {2},
   pages = {239-245},
   year = {1979},
   type = {Journal Article}
}

@article{RN48,
   author = {Mohammad, S. and Fitzgerald, J. and Robinson, R. L. and Gasem, K. A. M.},
   title = {Experimental Uncertainties in Volumetric Methods for Measuring Equilibrium Adsorption},
   journal = {Energy \& Fuels},
   volume = {23},
   number = {5-6},
   pages = {2810-2820},
   ISSN = {0887-0624},
   DOI = {10.1021/ef8011257},
   year = {2009},
   type = {Journal Article}
}

@article{RN24,
   author = {Moon, Dong-Kyu and Park, Yongha and Kim, Shin-Hyuk and Oh, Min and Lee, Chang-Ha},
   title = {Analysis of thermal parameter effects on an adsorption bed for purification and bulk separation},
   journal = {Separation and Purification Technology},
   volume = {181},
   pages = {95-106},
   ISSN = {13835866},
   DOI = {10.1016/j.seppur.2017.03.015},
   year = {2017},
   type = {Journal Article}
}

@article{RN14,
   author = {Nikolaidis, Pavlos and Poullikkas, Andreas},
   title = {A comparative overview of hydrogen production processes},
   journal = {Renewable and Sustainable Energy Reviews},
   volume = {67},
   pages = {597-611},
   ISSN = {13640321},
   DOI = {10.1016/j.rser.2016.09.044},
   year = {2017},
   type = {Journal Article}
}

@article{RN18,
   author = {Nikolic, D. and Giovanoglou, A. and Georgiadis, M. C. and Kikkinides, E. S.},
   title = {Generic modeling framework for gas separations using multibed pressure swing adsorption processes},
   journal = {Industrial \& Engineering Chemistry Research},
   volume = {47},
   number = {9},
   pages = {3156-3169},
   ISSN = {0888-5885},
   DOI = {10.1021/ie0712582},
   year = {2008},
   type = {Journal Article}
}

@article{RN11,
   author = {Nogueira, Idelfonso B. R. and Martins, Márcio A. F. and Regufe, Maria João and Rodrigues, Alírio E. and Loureiro, José M. and Ribeiro, Ana M.},
   title = {Big Data-Based Optimization of a Pressure Swing Adsorption Unit for Syngas Purification: On Mapping Uncertainties from a Metaheuristic Technique},
   journal = {Industrial \& Engineering Chemistry Research},
   ISSN = {0888-5885
1520-5045},
   DOI = {10.1021/acs.iecr.0c01155},
   year = {2020},
   type = {Journal Article}
}

@article{RN34,
   author = {Pai, Kasturi Nagesh and Prasad, Vinay and Rajendran, Arvind},
   title = {Experimentally validated machine learning frameworks for accelerated prediction of cyclic steady state and optimization of pressure swing adsorption processes},
   journal = {Separation and Purification Technology},
   volume = {241},
   ISSN = {13835866},
   DOI = {10.1016/j.seppur.2020.116651},
   year = {2020},
   type = {Journal Article}
}

@article{RN39,
   author = {Sant Anna, Hermes R. and Barreto, Amaro G. and Tavares, Frederico W. and de Souza, Maurício B.},
   title = {Machine learning model and optimization of a PSA unit for methane-nitrogen separation},
   journal = {Computers \& Chemical Engineering},
   volume = {104},
   pages = {377-391},
   ISSN = {00981354},
   DOI = {10.1016/j.compchemeng.2017.05.006},
   year = {2017},
   type = {Journal Article}
}

@article{RN2,
   author = {Scheelhaase, J. D.},
   title = {How to regulate aviation's full climate impact as intended by the EU council from 2020 onwards},
   journal = {Journal of Air Transport Management},
   volume = {75},
   pages = {68-74},
   ISSN = {0969-6997},
   DOI = {10.1016/j.jairtraman.2018.11.007},
   year = {2019},
   type = {Journal Article}
}

@article{RN4,
   author = {Shen, Yuanhui and Shi, Wenrong and Zhang, Donghui and Na, Ping and Fu, Bo},
   title = {The removal and capture of CO2 from biogas by vacuum pressure swing process using silica gel},
   journal = {Journal of CO2 Utilization},
   volume = {27},
   pages = {259-271},
   ISSN = {22129820},
   DOI = {10.1016/j.jcou.2018.08.001},
   year = {2018},
   type = {Journal Article}
}

@article{RN6,
   author = {Shi, Wenrong and Yang, Huawei and Shen, Yuanhui and Fu, Qiang and Zhang, Donghui and Fu, Bo},
   title = {Two-stage PSA/VSA to produce H2 with CO2 capture via steam methane reforming (SMR)},
   journal = {International Journal of Hydrogen Energy},
   volume = {43},
   number = {41},
   pages = {19057-19074},
   ISSN = {03603199},
   DOI = {10.1016/j.ijhydene.2018.08.077},
   year = {2018},
   type = {Journal Article}
}

@article{RN16,
   author = {Sircar, Shivaji},
   title = {Pressure swing adsorption},
   journal = {Industrial \& engineering chemistry research},
   volume = {41},
   number = {6},
   pages = {1389-1392},
   ISSN = {0888-5885},
   year = {2002},
   type = {Journal Article}
}

@article{RN17,
   author = {Sircar, S and Golden, TC},
   title = {Purification of hydrogen by pressure swing adsorption},
   journal = {Separation Science and Technology},
   volume = {35},
   number = {5},
   pages = {667-687},
   ISSN = {0149-6395},
   year = {2000},
   type = {Journal Article}
}

@article{RN54,
   author = {Spiller, Elaine T and Bayarri, Maria J and Berger, James O and Calder, Eliza S and Patra, Abani K and Pitman, E Bruce and Wolpert, Robert L},
   title = {Automating emulator construction for geophysical hazard maps},
   journal = {SIAM/ASA Journal on Uncertainty Quantification},
   volume = {2},
   number = {1},
   pages = {126-152},
   ISSN = {2166-2525},
   year = {2014},
   type = {Journal Article}
}

@misc{RN53,
   year = {2016},
   type = {Web Page}
}

@article{RN29,
   author = {Subraveti, Sai Gokul and Li, Zukui and Prasad, Vinay and Rajendran, Arvind},
   title = {Machine Learning-Based Multiobjective Optimization of Pressure Swing Adsorption},
   journal = {Industrial \& Engineering Chemistry Research},
   volume = {58},
   number = {44},
   pages = {20412-20422},
   ISSN = {0888-5885
1520-5045},
   DOI = {10.1021/acs.iecr.9b04173},
   year = {2019},
   type = {Journal Article}
}

@article{RN28,
   author = {Sun, Weina and Shen, Yuanhui and Zhang, Donghui and Yang, Huawei and Ma, Hui},
   title = {A systematic simulation and proposed optimization of the pressure swing adsorption process for N2/CH4 separation under external disturbances},
   journal = {Industrial \& Engineering Chemistry Research},
   volume = {54},
   number = {30},
   pages = {7489-7501},
   ISSN = {0888-5885},
   year = {2015},
   type = {Journal Article}
}

@book{RN43,
   author = {Vasant, Pandian},
   title = {Meta-heuristics optimization algorithms in engineering, business, economics, and finance},
   publisher = {Information Science Reference},
   ISBN = {1466620862},
   year = {2013},
   type = {Book}
}

@article{RN7,
   author = {Vo, Nguyen Dat and Oh, Dong Hoon and Hong, Suk-Hoon and Oh, Min and Lee, Chang-Ha},
   title = {Combined approach using mathematical modelling and artificial neural network for chemical industries: Steam methane reformer},
   journal = {Applied Energy},
   volume = {255},
   ISSN = {03062619},
   DOI = {10.1016/j.apenergy.2019.113809},
   year = {2019},
   type = {Journal Article}
}

@article{RN35,
   author = {Vo, Nguyen Dat and Oh, Dong Hoon and Kang, Jun-Ho and Oh, Min and Lee, Chang-Ha},
   title = {Dynamic-model-based artificial neural network for H2 recovery and CO2 capture from hydrogen tail gas},
   journal = {Applied Energy},
   volume = {273},
   ISSN = {03062619},
   DOI = {10.1016/j.apenergy.2020.115263},
   year = {2020},
   type = {Journal Article}
}

@article{RN50,
   author = {Wu, Tongbo and Shen, Yuanhui and Feng, Li and Tang, Zhongli and Zhang, Donghui},
   title = {Adsorption Properties of N2O on Zeolite 5A, 13X, Activated Carbon, ZSM-5, and Silica Gel},
   journal = {Journal of Chemical \& Engineering Data},
   volume = {64},
   number = {8},
   pages = {3473-3482},
   ISSN = {0021-9568
1520-5134},
   DOI = {10.1021/acs.jced.9b00272},
   year = {2019},
   type = {Journal Article}
}

@article{RN19,
   author = {Xiao, J. S. and Li, C. L. and Fang, L. and Bower, P. and Wark, M. and Benard, P. and Chahine, R.},
   title = {Machine learning-based optimization for hydrogen purification performance of layered bed pressure swing adsorption},
   journal = {International Journal of Energy Research},
   volume = {44},
   number = {6},
   pages = {18},
   ISSN = {0363-907X},
   DOI = {10.1002/er.5225},
   year = {2020},
   type = {Journal Article}
}

@article{RN3,
   author = {Yan, Haiyu and Fu, Qiang and Zhou, Yan and Li, Dongdong and Zhang, Donghui},
   title = {CO2 capture from dry flue gas by pressure vacuum swing adsorption: a systematic simulation and optimization},
   journal = {International Journal of Greenhouse Gas Control},
   volume = {51},
   pages = {1-10},
   ISSN = {1750-5836},
   year = {2016},
   type = {Journal Article}
}

@article{RN8,
   author = {Yanez, M. and Relvas, F. and Ortiz, A. and Gorri, D. and Mendes, A. and Ortiz, I.},
   title = {PSA purification of waste hydrogen from ammonia plants to fuel cell grade},
   journal = {Separation and Purification Technology},
   volume = {240},
   pages = {14},
   ISSN = {1383-5866},
   DOI = {10.1016/j.seppur.2019.116334},
   year = {2020},
   type = {Journal Article}
}

@article{RN44,
   author = {Ye, Feng and Ma, Shuo and Tong, Liang and Xiao, Jinsheng and Bénard, Pierre and Chahine, Richard},
   title = {Artificial neural network based optimization for hydrogen purification performance of pressure swing adsorption},
   journal = {International Journal of Hydrogen Energy},
   volume = {44},
   number = {11},
   pages = {5334-5344},
   ISSN = {03603199},
   DOI = {10.1016/j.ijhydene.2018.08.104},
   year = {2019},
   type = {Journal Article}
}

@article{RN23,
   author = {Yin, Chunbiao and Sun, Weina and Yang, Huawei and Zhang, Donghui},
   title = {Optimization of three-bed VPSA system for biogas upgrading},
   journal = {Chemical Engineering Science},
   volume = {135},
   pages = {100-108},
   ISSN = {00092509},
   DOI = {10.1016/j.ces.2015.06.022},
   year = {2015},
   type = {Journal Article}
}

@book{RN52,
   author = {Zhou, Zhihua},
   title = {Machine Learning},
   publisher = {Tsinghua University Press},
   ISBN = {7302423288},
   year = {2016},
   type = {Book}
}

@article{RN22,
   author = {Zhu, Xuancan and Li, Shuang and Shi, Yixiang and Cai, Ningsheng},
   title = {Recent advances in elevated-temperature pressure swing adsorption for carbon capture and hydrogen production},
   journal = {Progress in Energy and Combustion Science},
   volume = {75},
   ISSN = {0360-1285},
   DOI = {10.1016/j.pecs.2019.100784},
   year = {2019},
   type = {Journal Article}
}

@article{RN15,
   author = {Zhu, Xuancan and Shi, Yixiang and Li, Shuang and Cai, Ningsheng},
   title = {Two-train elevated-temperature pressure swing adsorption for high-purity hydrogen production},
   journal = {Applied Energy},
   volume = {229},
   pages = {1061-1071},
   ISSN = {03062619},
   DOI = {10.1016/j.apenergy.2018.08.093},
   year = {2018},
   type = {Journal Article}
}

